@ARTICLE{siim,
  AUTHOR =       {V. A. dos Reis and L. A. Ramalho and A. A. Shinoda},
  TITLE =        {Modeling and Implementation in FPGA of 8b/10b Encoding},
  JOURNAL =      {SIIM/SPS},
  YEAR =         {2017},
  volume =       {},
  number =       {},
  pages =        {},
  month =        {Nov.},
  url={www.eventos.ufabc.edu.br/siimsps/files/id14.pdf},
}

@ARTICLE{ermac,
  AUTHOR =       {V. A. dos Reis and L. A. Ramalho and A. A. Shinoda},
  TITLE =        {Robustness Analysis and State Machine Modeling of 8b/10b Encoding},
  JOURNAL =      {ERMAC},
  YEAR =         {2017},
  volume =       {},
  number =       {},
  pages =        {},
  month =        {Mar.},
  url={www.fc.unesp.br/Home/Departamentos/Matematica/ermac/caderno\-ermac\_2017.pdf},

